<record><leader>00000cas a22000007a 4500</leader><controlfield tag="001">12102246</controlfield><controlfield tag="008">850531d18931899mtuwr ne      0    0eng d</controlfield><datafield ind1=" " ind2=" " tag="010"><subfield code="a">sn 85053140 </subfield></datafield><datafield ind1=" " ind2=" " tag="040"><subfield code="a">MTL</subfield><subfield code="b">eng</subfield><subfield code="c">MTL</subfield><subfield code="d">OCLCQ</subfield></datafield><datafield ind1=" " ind2=" " tag="042"><subfield code="a">msc</subfield></datafield><datafield ind1="0" ind2="0" tag="245"><subfield code="a">Valley County gazette.</subfield></datafield><datafield ind1=" " ind2=" " tag="260"><subfield code="a">Glasgow, Mont. :</subfield><subfield code="b">R.X. Lewis,</subfield><subfield code="c">-1899.</subfield></datafield><datafield ind1=" " ind2=" " tag="300"><subfield code="a">7 v. :</subfield><subfield code="b">ill. ;</subfield><subfield code="c">59 cm.</subfield></datafield><datafield ind1=" " ind2=" " tag="310"><subfield code="a">Weekly</subfield></datafield><datafield ind1="0" ind2=" " tag="362"><subfield code="a">-v. 7, no. 30 (Dec. 23, 1899).</subfield></datafield><datafield ind1="1" ind2=" " tag="362"><subfield code="a">Began in June 1893.</subfield></datafield><datafield ind1=" " ind2=" " tag="588"><subfield code="a">Description based on: Vol. 1, no. 33 (Jan. 20, 1894).</subfield></datafield><datafield ind1=" " ind2=" " tag="752"><subfield code="a">United States</subfield><subfield code="b">Montana</subfield><subfield code="c">Valley</subfield><subfield code="d">Glasgow.</subfield></datafield><datafield ind1="0" ind2="4" tag="785"><subfield code="t">North Montana review</subfield><subfield code="g">Dec. 30, 1899</subfield><subfield code="w">(DLC)sn 85053144</subfield></datafield></record>